@online{biblatex,
  title = {Biblatex – Sophisticated Bibliographies in LaTeX},
  publisher = {Dansk Standard},
  year = {2018},
  author = {Philipp Lehman AND Joseph Wright AND Audrey Boruvka AND Philip Kime},
  url = {https://www.ctan.org/pkg/biblatex}
}

@online{Kodak,
    title = {Kodak data set},
    url ={https://www.kaggle.com/datasets/sherylmehta/kodak-dataset?select=kodim04.png},
    addendum = {(Accessed: 2-1-2022)}
}
@online{jpegCommon,
    title = {Image file type and format guide},
    url = {https://developer.mozilla.org/en-US/docs/Web/Media/Formats/Image_types},
    addendum = {(Accessed: 11-2-2023)}
}

@online{imagestaken,
    title = {How many photos are there?},
    url = {https://photutorial.com/photos-statistics/},
    addendum = {(Accessed: 12-2-2023}}

@online{hvs,
    title = {Human Visual System Model},
    url = {https://en.wikipedia.org/wiki/Human\_visual\_system\_model},
    addendum = {(Accessed: 12-2-2023)}}



@article{benchmark,
  title={Learning end-to-end lossy image compression: A benchmark},
  author={Hu, Yueyu and Yang, Wenhan and Ma, Zhan and Liu, Jiaying},
  journal={IEEE Transactions on Pattern Analysis and Machine Intelligence},
  year={2021},
  publisher={IEEE}
}



@article{endToend,
  title={END-TO-END OPTIMIZED IMAGE COMPRESSION},
  author={Johannes Ballé et al},
  journal={ },
  year={2017},
  publisher={ }
}

@article{Shannon,
  title={A Mathematical Theory of Communication},
  author={C. E. Shannon},
  journal={Bell System Technical Journal},
  year={1948},
  publisher={}
}
@article{SSIM,
  title={Image Quality Assessment: From Error Visibility to
Structural Similarity},
  author={Zhou Wang et al},
  journal={IEEE},
  year={2004},
  publisher={ IEEE}
}
@article{MSSSIM,
  title={MULTI-SCALE STRUCTURAL SIMILARITY FOR IMAGE QUALITY ASSESSMENT},
  author={Zhou Wang et al},
  journal={IEEE},
  year={2003},
  publisher={ IEEE}
}

@article{msebad,
  title={What's Wrong with Mean-squared Error? 
},
  author={B. Girod},
  journal={M.I.T. Press},
  year={2016},
  publisher={ICLR}
}

@article{ssimbad,
  title={Understanding SSIM},
  author={Jim Nilsson, Tomas Akenine-Möller},
  journal={arXiv:2006.13846},
  year={2020},
  publisher={}
}

@article{JPEG,
  title={The JPEG Still Picture Compression Standard},
  author={Gregory K. Wallace},
  journal={IEEE},
  year={1991},
  publisher={IEEE}
}

@article{JPEG1.02,
  title={JPEG File Interchange Format version 1.02},
  author={Eric Hamilton},
  journal={IEEE},
  year={2003},
  publisher={IEEE}
}

@article{Learning_similarity_metric,
  title={Learning a Similarity Metric Discriminatively, with Application to Face Verification},
  author={Sumit Chopra, Raia Hadsell, Yann LeCun},
  journal={Computer Vision and Pattern Recognition IEEE},
  year={2005},
  publisher={ IEEE}
}

@article{Learning_Fine_grained,
  title={Learning Fine-grained Image Similarity with Deep Ranking},
  author={Jiang Wang, Yang Song, Thomas Leung Chuck Rosenberg Jingbin Wang James Philbin Bo Chen Ying Wu},
  journal={Computer Vision and Pattern Recognition IEEE},
  year={2014},
  publisher={ IEEE}
}

@article{state_of_the_art,
  title={Deep learning and face recognition: the state of the art},
  author={Stephen Balaban},
  journal={Lambda Labs},
  year={2015},
  publisher={ IEEE}
}

@article{FaceNet,
  title={FaceNet: A Unified Embedding for Face Recognition and Clustering},
  author={Florian Schoff, Dmitry Kalenchenko, James Philibin},
  journal={IEEE Computer Society Conference on Computer Vision and Pattern Recognition 2015},
  year={2015},
  publisher={IEEE}
}

@article{Deep_Face,
  title={DeepFace: Closing the Gap to Human-Level Performance in Face Verification},
  author={Yaniv Taigman, Ming Yang, Mare Aurelio Ranzato Lior Wolf},
  journal={IEEE Computer Society Conference on Computer Vision and Pattern Recognition 2014},
  year={2014},
  publisher={IEEE}
}



@article{UltimateAccuracy,
  title={Targeting Ultimate Accuracy: Face Recognition via Deep Embedding},
  author={Jingtou Liu, Yafeng Deng, Tao Bai Zhengping Wei Chang Huang},
  journal={Computer Vision and Pattern Recognition IEEE},
  year={2015},
  publisher={ IEEE}
}


@article{KNNDIST,
  title={Distance Metric Learning for Large Margin Nearest Neighbor Classification},
  author={Kilian Q. Weinberger, Lawrence K. Saul},
  journal={Jurnal of Machine Learning Research},
  year={2009},
  publisher={}
}

@article{MobileNets,
  title={MobileNets: Efficient Convolutional Neural Networks for Mobile Vision Applications},
  author={Andrew G. Howard, Menglong Zhu, Bo Chen},
  journal={Computer Vision and Pattern Recognition },
  year={2017},
  publisher={}
}

@article{Inception,
  title={Going deeper with convolutions},
  author={Christian Szegedy, Wei Liu, Yangqing Jia},
  journal={Computer Vision and Pattern Recognition },
  year={2014},
  publisher={}
}

@article{NetworkInNetwork,
  title={Network In Network},
  author={Min Lin, Qiang Chen, Shuicheng Yan},
  journal={Computer Vision and Pattern Recognition },
  year={2014},
  publisher={}
}

@article{InceptionV3,
  title={Rethinking the Inception Architecture for Computer Vision},
  author={Christian Szegedy, Vincent Vanhiuche, Sergey Ioffe, Jonathon Shlens},
  journal={Computer Vision and Pattern Recognition },
  year={2014},
  publisher={}
}

@article{InceptionV4,
  title={Rethinking the Inception Architecture for Computer Vision},
  author={Christian Szegedy, Vincent Vanhiuche Sergey Ioffe, Alex Alemi},
  journal={Computer Vision and Pattern Recognition },
  year={2014},
  publisher={}
}

@article{Ae,
  title={Autoencoders},
  author={Dor Bank, Noam Koenigstein, Raja Giryes},
  journal={Computer Vision and Pattern Recognition },
  year={2014},
  publisher={}
}

@article{xception,
  title={Xception: Deep Learning with Depthwise Seperable Convolutions},
  author={Christian Szegedy, Vincent Vanhiuche Sergey Ioffe, Alex Alemi},
  journal={Computer Vision and Pattern Recognition },
  year={2017},
  publisher={}
}

@article{Inceptionv2,
  title={Batch Normalization: Accelerationg Deep Network Training by Reducing Internal Covatiate Shift},
  author={Sergey Ioffe, Christian Szegedy},
  journal={Computer Vision and Pattern Recognition },
  year={2015},
  publisher={}
}